%-------------------------------------------------------------------------------
%	REPLACE WITH YOUR PUBLICATIONS
%-------------------------------------------------------------------------------

@inproceedings{grover2016upgrades,
  title     = {A Case Study of Traffic Demand Response to Broadband Service-Plan Upgrades},
  author    = {Sarthak{\ }Grover and Roya Ensafi and Nick Feamster},
  booktitle = {Proceedings of 17th International Conference on Passive and Active Measurement (PAM)},
  series = {PAM '16},
  location = {Heraklion, Greece},
  pages     = {124--135},
  year      = {2016},
  url       = {https://doi.org/10.1007/978-3-319-30505-9\_10},
  doi       = {10.1007/978-3-319-30505-9\_10},
  timestamp = {Tue, 14 May 2019 10:00:52 +0200},
  biburl    = {https://dblp.org/rec/bib/conf/pam/GroverEF16},
  bibsource = {dblp computer science bibliography, https://dblp.org},
  www_section = {Network Analysis}, 
}

@inproceedings{grover2016iot,
  title = {The Internet of Unpatched Things}, 
  author = {Sarthak{\ }Grover and Nick Feamster}, 
  booktitle = {Proceedings of FTC PrivacyCon}, 
  series = {PrivacyCon '16},
  location = {Washington, DC, USA},
  year = {2016}, 
  www_section = {Security}, 
  url = {https://www.ftc.gov/system/files/documents/public_comments/2015/10/00071-98118.pdf},
}

@inproceedings{seddiki2014flowqos,
 title = {FlowQoS: QoS for the Rest of Us},
 author = {M.{\ }Said{\ }Seddiki and Muhammad Shahbaz and Sean Donovan  and Sarthak Grover
 and Miseon Park and Nick Feamster and Ye-Qiong Song},
 booktitle = {Proceedings of the Third Workshop on Hot Topics in Software Defined Networking (HoTSDN)},
 series = {HotSDN '14},
 year = {2014},
 isbn = {978-1-4503-2989-7},
 location = {Chicago, IL, USA},
 pages = {207--208},
 numpages = {2},
 url = {http://doi.acm.org/10.1145/2620728.2620766},
 doi = {10.1145/2620728.2620766},
 acmid = {2620766},
 publisher = {ACM},
 address = {New York, NY, USA},
 keywords = {bandwidth management, home networks, quality of service (qos), software defined networking (sdn)},
 www_section = {Software Defined Networking}, 
}

@inproceedings {jones2014facade,
title = {Facade: High-Throughput, Deniable Censorship Circumvention Using Web Search},
author = {Ben{\ }Jones and Sam Burnett and Nick Feamster and Sean Donovan and Sarthak Grover
 and Sathya Gunasekaran and Karim Habak},
booktitle = {4th {USENIX} Workshop on Free and Open Communications on the Internet (FOCI)},
year = {2014},
series = {FOCI '14},
location = {San Diego, CA, USA},
url = {https://www.usenix.org/conference/foci14/workshop-program/presentation/jones},
publisher = {{USENIX} Association},
month = aug,
www_section = {Security}, 
}

@inproceedings{grover2013peeking,
 title = {Peeking Behind the NAT: An Empirical Study of Home Networks},
 author = {Sarthak{\ }Grover and Mi Seon Park and Srikanth Sundaresan and Sam Burnett
 and Hyojoon Kim and Bharath Ravi and Nick Feamster},
 booktitle = {Proceedings of the ACM Internet Measurement Conference (IMC)},
 series = {IMC '13},
 year = {2013},
 isbn = {978-1-4503-1953-9},
 location = {Barcelona, Spain},
 pages = {377--390},
 numpages = {14},
 url = {http://doi.acm.org/10.1145/2504730.2504736},
 doi = {10.1145/2504730.2504736},
 acmid = {2504736},
 publisher = {ACM},
 address = {New York, NY, USA},
 keywords = {bismark, home networks},
 www_section = {Network Analysis}, 
}

@inproceedings{grover2013panoptes,
  title = {Panoptes: Detecting Malware Activity in Home Networks}, 
  author = {Sarthak{\ }Grover and Nick Feamster}, 
  booktitle = {HomeSys: Workshop on Design, Technology, Systems and Applications for the Home (UbiComp)}, 
  location = {Zurich, Switzerland},
  year = {2013}, 
  series = {UbiComp '13},
  month = sep,
  www_section = {Security}, 
  url = {https://studyres.com/doc/8758286/panoptes},
}

@inproceedings{gupta2013mpaas,
  title = {mPaaS: Delivering Mobile Platforms as a Cloud Service}, 
  author = {Arpit{\ }Gupta and Sarthak Grover}, 
  booktitle = {10th USENIX Symposium on Networked Systems Design and Implementation (NSDI)}, 
  location = {Lombard, IL, USA},
  year = {2013}, 
  series = {NSDI '13},
  month = apr,
  www_section = {Systems}, 
  url = {https://www.usenix.org/system/files/nsdip13-paper45.pdf},
}

@inproceedings{grover2013routing,
  title = {End-to-end Routing Behavior in the Internet: A Re-Appraisal from Access Networks}, 
  author = {Sarthak{\ }Grover and Nick Feamster}, 
  booktitle = {ISMA Workshop on Active Internet Measurements (AIMS)}, 
  location = {La Jolla, CA, USA},
  year = {2013}, 
  series = {AIMS-5},
  month = feb,
  www_section = {Network Analysis}, 
  url = {https://www.caida.org/workshops/isma/1302/slides/aims1302_sgrover.pdf},
}

@inproceedings{sivaraman2010mobility,
title={Experimental study of mobility in the soccer field with application to real-time athlete monitoring},
author={Vijay{\ }Sivaraman and Sarthak Grover and Alex Kurusingal and Ashay Dhamdhere and Allison Burdett},
booktitle={2010 IEEE 6th International Conference on Wireless and Mobile Computing, Networking and Communications (WiMob)},
location={Ontario, Canada},
year={2010},
series = {WiMob '10},
volume={},
number={},
pages={337-345},
keywords={biomedical measurement;body sensor networks;monitoring;sport;telecommunication network routing;telecommunication network topology;soccer field mobility;real-time athlete monitoring;sporting events;athlete physiological data;body-worn sensor devices;multihop routing mechanism;high dynamic operating condition;dynamic wireless topology;power-law distributed interencounters;co-ordinated movement;synthetic topology;mirror connectivity;soccer game;auto-correlation properties;cross-correlation properties;sports monitoring;real-time routing algorithms;Games;Routing;Monitoring;Correlation;Topology;Wireless communication;Wireless sensor networks},
doi={10.1109/WIMOB.2010.5645046},
ISSN={},
month={Oct},
www_section = {Network Analysis}, 
}

@inproceedings{saxena2008facetracking,
title={A real time face tracking system using rank deficient face detection and motion estimation},
author={Vidit{\ }Saxena and Sarthak Grover and Sachin Joshi},
booktitle={2008 7th IEEE International Conference on Cybernetic Intelligent Systems (CIS)},
location={London, U.K.},
year={2008},
volume={},
number={},
pages={1-6},
keywords={computer vision;face recognition;image colour analysis;motion compensation;motion estimation;optical tracking;real-time systems;real time face tracking system;rank deficient face detection;motion estimation;computer vision;grayscale image;Webcam;motion compensation;Face detection;Real time systems;Tracking;Motion estimation;Gray-scale;Robustness;Humans;Change detection algorithms;Authentication;Computer vision;Support Vector Machine (SVM);reduced set vectors;motion vectors;motion compensation},
doi={10.1109/UKRICIS.2008.4798956},
ISSN={},
month=sep,
www_section = {Machine Learning}, 
}


@article{sivaraman2013monitoring,
 title = {An Experimental Study of Wireless Connectivity and Routing in Ad Hoc Sensor Networks for Real-time Soccer Player Monitoring},
 author = {Vijay{\ }Sivaraman and Ashay Dhamdhere and Hao Chen and Alex Kurusingal and Sarthak Grover}, 
 journal = {Ad Hoc Networking},
 issue_date = {May 2013},
 volume = {11},
 number = {3},
 month = may,
 year = {2013},
 issn = {1570-8705},
 pages = {798--817},
 numpages = {20},
 url = {http://dx.doi.org/10.1016/j.adhoc.2012.09.005},
 doi = {10.1016/j.adhoc.2012.09.005},
 acmid = {2459584},
 publisher = {Elsevier Science Publishers B. V.},
 address = {Amsterdam, The Netherlands, The Netherlands},
 keywords = {Athlete monitoring, Body-worn devices, Dynamic networks},
 www_section = {Network Analysis}, 
}

@article{grover2010performance,
  title = {Performance Evaluation of Wireless Body Area Network using Cross Layer Approach},
  author = {Sarthak{\ }Grover}, 
  journal = {Master's Thesis, Indian Institute of Technology Roorkee}, 
  year = {2010}, 
  month = jun,
  www_section = {Network Analysis}, 
  url = {https://sarthakgrover.github.io/sgrover_files/papers/performance-WBAN2010.pdf},
}

%    
%    \textbf{S. Grover}, R. Ensafi, N. Feamster,
%    ``A Case Study of Traffic Demand Response to Broadband Service-Plan Upgrades'',
%     \emph{Passive and Active Measurement Conference (PAM)}, March 2016.
%
%\vspace{-2.5mm}
%     \textbf{S. Grover}, N. Feamster,
%    ``The Internet of Unpatched Things'',
%     \emph{FTC PrivacyCon}, January 2016.
%     
%\vspace{-2.5mm}
%    B. Jones, S. Burnett, N. Feamster, S. Donovan, \textbf{S. Grover}, S. Gunasekaran, K. Habak,
%    ``Facade: High-Throughput, Deniable Censorship Circumvention Using Web Search'', 
%    \emph{USENIX Workshop on Free and Open Communications on the Internet (FOCI)}, August 2014.
%
%\vspace{-2.5mm}
%    M. S. Seddiki, M. Shahbaz, S. Donovan, \textbf{S. Grover}, M. Park, N. Feamster, Y. Song,
%    ``FlowQoS: QoS for the Rest of Us'',
%    \emph{ACM SIGCOMM Workshop on Hot Topics in Software Defined Networking (HotSDN)}, August 2014.
%
%\vspace{-2.5mm}
%    \textbf{S. Grover}, M. Park, S. Sundaresan, S. Burnett, H. Kim,
%    N. Feamster,
%    ``\href{http://dx.doi.org/10.1145/2504730.2504736}
%    {Peeking Behind the NAT: An Empirical Study of Home Networks}'',
%    \emph{ACM SIGCOMM Internet Measurement Conference (IMC)}, October 2013.
%
%\vspace{-2.5mm}
%    \textbf{S. Grover}, N. Feamster,
%    ``Panoptes: Detecting Malware Activity in Home Networks'',
%    \emph{HomeSys: Workshop on Design, Technology, Systems and Applications for the Home (UbiComp)}, September 2013.
%%  \href{https://studyres.com/doc/8758286/panoptes}{link}
%%  \href{}{link}
%
%\vspace{-2.5mm}
%    A. Gupta, \textbf{S. Grover},
%    ``\href{https://www.usenix.org/system/files/nsdip13-paper45.pdf}
%    {mPaaS: Delivering Mobile Platforms as a Cloud Service}'',
%    \emph{USENIX Symposium on Networked Systems Design and Implementation (NSDI)},  April 2013.
%
%\vspace{-2.5mm}    
%    V. Sivaraman, A. Dhamdhere, H. Chen, A. Kurusingal, \textbf{S. Grover},
%    ``\href{http://www.sciencedirect.com/science/article/pii/S1570870512001631}
%    {An Experimental Study of Wireless Connectivity and Routing in Ad-hoc
%    Sensor Networks for Real-Time Soccer Player Monitoring}",
%    \emph{Ad Hoc Networks (Elsevier)}, Vol. 11 Issue 3, pp.798-817, May 2013.
%    
%\vspace{-2.5mm}
%    V. Sivaraman, \textbf{S. Grover}, A. Kurusingal, A. Dhamdhere, A. Burdett,
%    ``\href{http://dx.doi.org/10.1109/WIMOB.2010.5645046}
%    {Experimental Study of Mobility in the Soccer Field with Application
%    to Real-Time Athlete Monitoring}'',
%    \emph{IEEE Wireless \& Mobile Computing, Networking and
%    Communications (WiMob)}, November 2010.
%    \textbf{(Best Paper Award)}
%
%\vspace{-2.5mm}
%    \textbf{S. Grover},
%    ``\href{https://sarthakgrover.github.io/sgrover_files/papers/performance-WBAN2010.pdf}
%    {Performance Evaluation of Wireless Body Area Network using Cross Layer Approach}'',
%    \emph{Master's Thesis}, Indian Institute of Technology Roorkee, June 2010.
%
%\vspace{-2.5mm}
%    V. Saxena, \textbf{S. Grover}, S. Joshi,
%    ``\href{http://dx.doi.org/10.1109/UKRICIS.2008.4798956}
%    {A Real Time Face Tracking System using Rank Deficient Face Detection and Motion Estimation}'',
%    \emph{IEEE Cybernetic Intelligent Systems (CIS)}, September 2008.
%    % http://dx.doi.org/10.1109/UKRICIS.2008.4798956
%
